<record><leader>00000cas a22000007a 4500</leader><controlfield tag="001">22143705</controlfield><controlfield tag="008">900725d18911900moudr ne      0    0eng d</controlfield><datafield ind1=" " ind2=" " tag="010"><subfield code="a">sn 90061452 </subfield></datafield><datafield ind1=" " ind2=" " tag="040"><subfield code="a">MQN</subfield><subfield code="b">eng</subfield><subfield code="c">MQN</subfield><subfield code="d">CRL</subfield><subfield code="d">OCLCF</subfield><subfield code="d">OCLCO</subfield></datafield><datafield ind1="1" ind2=" " tag="029"><subfield code="a">AU@</subfield><subfield code="b">000020651434</subfield></datafield><datafield ind1=" " ind2=" " tag="042"><subfield code="a">msc</subfield></datafield><datafield ind1=" " ind2=" " tag="043"><subfield code="a">n-us-mo</subfield></datafield><datafield ind1="0" ind2=" " tag="130"><subfield code="a">St. Joseph gazette (Saint Joseph, Mo. : 1891 : Daily)</subfield></datafield><datafield ind1="0" ind2="4" tag="245"><subfield code="a">The St. Joseph gazette.</subfield></datafield><datafield ind1="1" ind2=" " tag="246"><subfield code="i">Sunday issues have title:</subfield><subfield code="a">St. Joseph Sunday gazette</subfield></datafield><datafield ind1="3" ind2=" " tag="246"><subfield code="a">Saint Joseph gazette</subfield></datafield><datafield ind1=" " ind2=" " tag="260"><subfield code="a">St. Joseph, Mo. :</subfield><subfield code="b">Gazette Co.,</subfield><subfield code="c">1891-1900.</subfield></datafield><datafield ind1=" " ind2=" " tag="300"><subfield code="a">10 v.</subfield></datafield><datafield ind1=" " ind2=" " tag="310"><subfield code="a">Daily</subfield></datafield><datafield ind1="0" ind2=" " tag="362"><subfield code="a">Vol. 47, no. 1 (Jan. 1, 1891)-July 31, 1900.</subfield></datafield><datafield ind1=" " ind2=" " tag="515"><subfield code="a">Issues for Jan. 1, 1891-Oct. 24, 1893 known as Vol. 47, no. 1-v. 49, no. 211; &lt;Jan. 1, 1896&gt;-July 31, 1900 known as &lt;51st&gt; to 56th year.</subfield></datafield><datafield ind1=" " ind2=" " tag="530"><subfield code="a">Also available on microfilm from UMI.</subfield></datafield><datafield ind1=" " ind2="0" tag="651"><subfield code="a">Saint Joseph (Mo.)</subfield><subfield code="v">Newspapers.</subfield></datafield><datafield ind1=" " ind2="7" tag="655"><subfield code="a">Newspapers.</subfield><subfield code="2">fast</subfield><subfield code="0">(OCoLC)fst01423814</subfield></datafield><datafield ind1=" " ind2="7" tag="651"><subfield code="a">Missouri</subfield><subfield code="z">Saint Joseph.</subfield><subfield code="2">fast</subfield><subfield code="0">(OCoLC)fst01211419</subfield></datafield><datafield ind1=" " ind2=" " tag="752"><subfield code="a">United States</subfield><subfield code="b">Missouri</subfield><subfield code="c">Buchanan</subfield><subfield code="d">Saint Joseph.</subfield></datafield><datafield ind1="0" ind2=" " tag="775"><subfield code="t">St. Joseph weekly gazette (Saint Joseph, Mo. : 1878)</subfield><subfield code="w">(DLC)sn 86063679</subfield><subfield code="w">(OCoLC)13727994</subfield></datafield><datafield ind1="0" ind2="0" tag="780"><subfield code="t">St. Joseph daily gazette (Saint Joseph, Mo. : 1878)</subfield><subfield code="w">(DLC)sn 93059928</subfield><subfield code="w">(OCoLC)27213366</subfield></datafield><datafield ind1="0" ind2="7" tag="785"><subfield code="t">St. Joseph herald (Saint Joseph, Mo. : 1889)</subfield><subfield code="w">(DLC)sn 86063687</subfield><subfield code="w">(OCoLC)13724095</subfield></datafield><datafield ind1="0" ind2="7" tag="785"><subfield code="t">St. Joseph gazette-herald</subfield><subfield code="w">(DLC)sn 86063680</subfield><subfield code="w">(OCoLC)13724286</subfield></datafield></record>